@online{mina-website,
    author = {Apache Software Foundation},
    title = {Apache Mina},
    url = {https://mina.apache.org/}
}

@online{mina-github,
    author = {Apache Software Foundation},
    title = {Apache Mina Repository},
    url = {https://github.com/apache/mina}
}

@online{mina-jira,
    author = {Apache Mina, JIRA},
    url = {https://issues.apache.org/jira/projects/DIRMINA/issues}
}

@online{mina-docs,
    author = {Apache Mina},
    title = {Documentation},
    url = {https://mina.apache.org/mina-project/documentation.html}
}

@online{mina-reference,
    author = {Apache Mina},
    title = {API Reference},
    url = {https://mina.apache.org/mina-project/gen-docs/latest-2.1/apidocs/index.html}
}

@online{mina-userguide,
    author = {Apache Mina},
    title = {User Guide},
    url = {https://mina.apache.org/mina-project/userguide/user-guide-toc.html}
}

@online{mina-qsguide,
    author = {Apache Mina},
    title = {Quick Start Guide},
    url = {https://mina.apache.org/mina-project/quick-start-guide.html}
}

@online{mina-testimonials,
    author = {Apache Mina},
    title = {User Testimonials},
    url = {https://mina.apache.org/mina-project/testimonials.html}
}

@online{mina-talk2006,
    author = {Trustin Lee},
    title = {Introduction to MINA},
    url = {https://mina.apache.org/mina-project/resources/ACAsia2006.pdf}
}

@online{mina-talk2008,
    author = {Trustin Lee},
    title = {Rapid Network Application Development with Apache MINA},
    url = {https://mina.apache.org/mina-project/resources/JavaOne2008.pdf}
}

@online{mina-talk2009,
author = {Emmanuel LÃ©charny},
title = {Mina in real life},
url= {https://mina.apache.org/mina-project/resources/Mina_in_real_life_ASEU-2009.pdf}
}

@online{oracle-nio,
    author = {Oracle},
    title = {\tt java.nio},
    url = {https://docs.oracle.com/javase/8/docs/api/java/nio/package-summary.html}
}

@online{netty,
    author = {The Netty Project},
    title = {Netty},
    url = {https://netty.io/}
}

@online{structure101,
author = {Structure101},
title = {Structure101 Home},
url = {https://structure101.com/}
}

@online{jzlib,
author={JCraft},
title = {JZlib},
url = {http://www.jcraft.com/jzlib/}
}

@online{state_pattern,
author = {Source Making},
title = {State Design Pattern},
url = {https://sourcemaking.com/design_patterns/state}
}

@online{apr,
author = {Apache Organization},
title = {Apache Portable Runtime Project},
url = {https://apr.apache.org/}
}

@article{archi_patterns,
  title={Architectural patterns revisited-a pattern language},
  author={Avgeriou, Paris and Zdun, Uwe},
  year={2005}
}


